@misc{ wiki:scheduler,
author = "Wikipedia",
title = "Scheduling (computing)",
year = "2016",
url = "https://en.wikipedia.org/wiki/Scheduling_%28computing%29",
note = "[Online; accessed 2-May-2016]"
}